@comment{x-kbibtex-personnameformatting=<%l><, %f>}

@inproceedings{conf/soda/DemaineS11,
	added-at = "2012-12-07T00:00:00.000+0100",
	author = "Demaine, Erik D. and Schulz, Andr{\'e}",
	biburl = "http://www.bibsonomy.org/bibtex/2979fb26af1280a42ab67169deac1c6f8/dblp",
	booktitle = "SODA",
	crossref = "conf/soda/2011",
	editor = "Randall, Dana",
	ee = "http://www.siam.org/proceedings/soda/2011/SODA11_088_demainee.pdf",
	interhash = "26dce18db5cbb100b466219a65fe9548",
	intrahash = "979fb26af1280a42ab67169deac1c6f8",
	keywords = "dblp",
	pages = "1177--1187",
	publisher = "SIAM",
	title = "Embedding Stacked Polytopes on a Polynomial-Size Grid.",
	url = "http://dblp.uni-trier.de/db/conf/soda/soda2011.html#DemaineS11",
	x-fetchedfrom = "Bibsonomy",
	year = 2011
}

@inproceedings{conf/gd/IgamberdievS13,
	added-at = "2013-12-17T00:00:00.000+0100",
	author = "Igamberdiev, Alexander and Schulz, Andr{\'e}",
	biburl = "http://www.bibsonomy.org/bibtex/219cd0fb3536beb53e8dcbee9d54721ef/dblp",
	booktitle = "Graph Drawing",
	crossref = "conf/gd/2013",
	editor = "Wismath, Stephen and Wolff, Alexander",
	ee = "http://dx.doi.org/10.1007/978-3-319-03841-4_16",
	interhash = "21cd0125c088ba6f6cc99cab29b3ebbb",
	intrahash = "19cd0fb3536beb53e8dcbee9d54721ef",
	isbn = "978-3-319-03840-7",
	keywords = "dblp",
	pages = "173--184",
	publisher = "Springer",
	series = "Lecture Notes in Computer Science",
	title = "A Duality Transform for Constructing Small Grid Embeddings of 3D Polytopes.",
	url = "http://dblp.uni-trier.de/db/conf/gd/gd2013.html#IgamberdievS13",
	volume = 8242,
	x-fetchedfrom = "Bibsonomy",
	year = 2013
}

